2002 3268
310 242 395 282 294

862 243 1121 285 HORATII
1155 244 1372 286 FLACCI

874 498 1162 547 OARMEN
1196 500 1349 548 VIII.

542 630 724 671 ROGARE
743 630 871 685 longo
890 630 1082 685 putidam
1102 635 1145 673 te
1166 633 1326 674 saeculo

599 695 724 736 Vires
745 695 846 750 quid
867 700 1036 737 enervet
1056 696 1194 737 meas!

544 761 655 801 Cum
674 760 730 801 sit
750 760 832 801 tibi
853 760 956 802 dens
977 764 1065 802 ater
1085 763 1129 802 et
1149 761 1270 816 rugis
1289 766 1411 804 vetus

600 826 799 867 Frontem
821 828 1014 867 senectus
1034 829 1189 877 exa-ret,

542 890 731 944 Hietque
750 890 887 944 turpis
907 889 1020 931 inter
1038 890 1174 932 aridas
1195 895 1314 934 nates

598 954 740 996 Podex
759 955 878 996 velut
898 955 1048 997 crudae
1067 955 1198 998 bovis.

541 1020 624 1062 Sed
644 1020 797 1062 incitat
816 1036 883 1063 me
903 1025 1049 1076 pectus
1071 1025 1114 1063 et
1135 1037 1343 1064 mammae
1363 1026 1521 1077 putres,

597 1085 765 1140 Equina
785 1086 929 1141 quales
949 1086 1090 1137 ubera,

537 1151 781 1206 Venterque
800 1151 940 1193 mollis
960 1155 1004 1193 et
1023 1151 1160 1193 femur
1179 1152 1443 1194 tumentibus

595 1215 718 1257 Exile
737 1216 844 1257 suris
865 1216 1070 1258 additum.

537 1282 642 1323 Esto
662 1281 799 1333 beata,
821 1281 948 1323 funus
969 1285 1095 1337 atque
1117 1282 1326 1337 imagines

595 1346 768 1388 Ducant
787 1346 1065 1402 triumphales
1085 1351 1226 1399 tuum,

536 1411 629 1453 Nec
649 1411 707 1453 sit
726 1411 879 1453 marita
900 1427 1004 1468 quae
1024 1413 1338 1455 rotundioribus

594 1477 764 1518 Onusta
782 1477 922 1519 baccis
942 1478 1144 1519 ambulet.

538 1541 668 1593 Quid,
688 1543 801 1597 quod
819 1542 952 1584 libelli
974 1543 1106 1584 Stoici
1126 1543 1239 1585 inter
1258 1543 1407 1585 sericos

595 1607 624 1648 J
626 1622 741 1650 acere
761 1607 960 1662 pulvillos
980 1612 1128 1650 amant
1139 1626 1151 1659 3

538 1672 738 1714 Illiterati
757 1688 861 1714 num
882 1673 1026 1715 minus
1046 1674 1166 1716 nervi
1184 1674 1340 1729 rigent,

594 1738 795 1780 Minusve
815 1738 992 1793 languet
1012 1738 1254 1781 fascinum?

539 1803 666 1845 Quod
686 1808 736 1845 ut
758 1805 934 1859 superbo
955 1820 1153 1859 provoces
1174 1806 1226 1847 ab
1247 1804 1439 1860 inguine,

595 1869 685 1911 Ore.
699 1869 1017 1912 allaborandum
1038 1874 1102 1912 est
1123 1870 1217 1912 tibi.

1640 1230 1683 1260 10

1641 1555 1682 1585 15

1636 1881 1682 1911 20
