2002 3268
768 229 884 270 ARS
915 228 1187 270 POETICA.

1693 227 1773 268 725

235 345 307 387 Sic
326 343 432 387 mihi
453 343 525 400 qui
545 343 729 386 multum
749 346 884 385 cessat
902 342 954 384 fit
973 342 1192 384 Choerilus
1211 341 1297 391 ille,

236 411 376 454 Quem
395 409 461 452 bis
479 415 597 452 terve
615 410 773 451 bonum
794 423 890 450 cum
910 409 999 450 risu
1018 407 1149 449 miror
1160 425 1173 458 ;
1203 412 1247 449 et
1266 407 1378 448 idem

235 475 443 531 Indignor
460 475 709 531 quandoque
728 474 864 516 bonus
883 473 1091 515 dormitat
1111 473 1325 514 Homerus
1339 490 1350 522 ;

233 541 395 584 Verum
414 541 529 596 operi
547 541 677 596 longo
696 539 760 582 fas
780 544 846 582 est
865 539 1062 594 obrepere
1083 552 1294 580 somnum.

1649 545 1719 579 ³60

236 607 301 648 Ut
318 605 485 661 pictura
502 606 663 662 poesis:
694 605 774 647 erit
794 619 900 660 quae
920 604 956 646 si
976 603 1148 659 propius
1168 607 1273 644 stes-

234 671 294 714 Te
310 671 451 727 capiat
470 671 623 726 magis,
643 675 686 713 et
706 671 912 726 quaedam
932 669 969 711 si
987 669 1159 723 long-ius
1179 668 1333 710 abstes.

236 737 354 779 Haec
372 740 489 779 amat
508 737 748 787 obscurum,
772 736 886 778 volet
905 735 1006 776 haec
1027 734 1106 775 sub
1124 734 1220 776 luce
1238 732 1387 784 videri,

233 801 398 844 Judicis
417 805 620 857 argutum
641 817 748 857 quae
766 817 853 843 non
873 800 1073 842 formidat
1093 813 1270 841 acumen
1285 815 1297 849 ς

234 867 352 910 Haec
370 866 531 922 placuit
550 867 693 918 semel,
713 867 814 909 haec
834 866 970 908 decies
991 864 1169 920 repetita
1188 863 1386 919 placebit.

1649 872 1717 905 ³65

231 933 271 974 Ο
291 933 425 988 major
435 932 658 987 juvenum,
678 932 872 988 quamvis
891 936 936 973 et
955 946 1055 972 voce
1075 934 1251 984 paterna

232 998 426 1054 Fingeris
445 998 498 1040 ad
517 1002 679 1040 rectum
700 1002 745 1039 et
765 1013 839 1053 per
857 1002 901 1039 te
921 996 1047 1051 sapis,
1067 996 1145 1037 hoc
1164 994 1246 1036 tibi
1266 994 1429 1035 dictum

230 1062 346 1105 Tolle
364 1077 538 1114 memor,
558 1063 683 1105 certis
703 1062 887 1104 medium
908 1066 951 1103 et
970 1060 1189 1102 tolerabile
1207 1059 1334 1101 rebus

231 1129 362 1170 Recte
381 1128 566 1171 concedi.

625 1128 862 1170 Consultus
874 1127 987 1182 juris
1006 1130 1050 1168 et
1070 1129 1187 1167 actor

231 1194 464 1236 Causarum
484 1193 701 1237 mediocris
722 1193 839 1235 abest
858 1193 1019 1234 virtute
1038 1190 1185 1233 diserti

1647 1200 1717 1236 370

229 1258 452 1301 Messallae
472 1273 548 1301 nec
569 1259 650 1300 scit
669 1263 877 1314 quantum
899 1257 1126 1299 Cascellius
1145 1256 1296 1307 Aulus,

233 1323 317 1366 Sed
336 1329 480 1366 tamen
499 1324 545 1365 in
564 1324 700 1379 pretio
720 1328 810 1366 est:
841 1322 1123 1365 mediocribus
1143 1337 1231 1364 esse
1249 1322 1387 1376 poetis

230 1389 333 1432 Non
350 1389 556 1441 homines,
577 1404 662 1431 non
681 1389 740 1441 di,
761 1404 847 1430 non
867 1403 1103 1430 concessere
1122 1387 1356 1429 columnae.

232 1455 299 1496 Ut
316 1459 463 1510 gratas
483 1455 595 1497 inter
612 1470 779 1497 mensas
799 1453 1051 1510 symphonia
1070 1453 1228 1494 discors

228 1520 289 1562 Et
306 1535 491 1562 crassum
509 1524 782 1575 unguentum
801 1526 846 1562 et
869 1519 999 1560 Sardo
1020 1534 1116 1560 eum
1138 1518 1261 1559 melle
1281 1533 1463 1572 papaver

1649 1528 1717 1562 375

232 1584 479 1636 Offendunt,
498 1590 664 1640 poterat
683 1586 780 1626 duci
801 1585 902 1640 quia
921 1599 1050 1625 coena
1070 1583 1159 1624 sine
1178 1583 1273 1624 istis
1289 1599 1298 1623 :

232 1649 303 1692 Sic
321 1650 475 1692 animis
494 1655 645 1692 nat-um
665 1651 972 1704 inventumque
991 1652 1142 1702 poema
1155 1648 1373 1702 juvandis,

231 1715 279 1758 Si
296 1715 471 1770 paulum
490 1730 657 1757 summo
676 1715 867 1766 decessit,
886 1714 1027 1769 vergit
1047 1713 1101 1755 ad
1120 1713 1271 1755 imum.

232 1780 396 1823 Ludere
414 1781 487 1836 qui
506 1781 642 1822 nescit
660 1779 967 1835 campestribus
987 1779 1172 1820 abstinet
1191 1779 1335 1830 armis,

230 1844 514 1900 Indoctusque
532 1845 641 1900 pilae
660 1845 818 1887 discive
837 1844 1027 1886 trochive
1046 1843 1238 1899 quiescit,

1647 1856 1717 1886 380

229 1910 300 1952 Ne
318 1910 474 1965 spissae
493 1911 628 1952 risum
647 1911 803 1952 tollant
822 1911 995 1964 impune
1016 1924 1214 1950 coronae:

233 1975 320 2018 Qui
337 1975 474 2017 nescit
492 1990 638 2017 versus
657 1980 801 2034 tamen
821 1976 947 2017 audet
967 1975 1139 2030 fingere.

1200 1974 1363 2017 Quidni
1376 1977 1396 2016 ’ἓ

232 2040 361 2082 Liber
379 2044 424 2082 et
442 2041 670 2096 ingenuus,
689 2041 934 2096 praesertim
954 2056 1102 2082 census
1120 2044 1358 2096 equestrem

174 2231 286 2262 23112.
305 2187 462 2272 ’ῙΙῖζξΤΙιιιε
484 2232 520 2263 in
536 2243 593 2274 my
602 2233 783 2274 judgmeut
805 2234 848 2265 he
870 2234 944 2265 who

174 2273 269 2305 often
281 2284 351 2305 eri-s
364 2274 513 2307 becomes
526 2276 666 2308 another
680 2276 890 2319 Choerilus.']

221 2315 314 2358 [359.
329 2318 541 2360 quandoque]
558 2319 758 2360 Equivalent
772 2323 808 2351 to
820 2325 829 2338 ‘
841 2330 945 2361 quan-

175 2358 369 2401 docunque?
413 2360 474 2392 See
487 2361 525 2393 C.
539 2362 584 2392 iv.
599 2363 630 2392 2.
646 2362 719 2404 34.]

201 2402 295 2452 ‚36⁴2
330 2403 360 2434 Ο
386 2405 498 2445 major
516 2405 693 2446 juvenum]
732 2406 842 2437 Acron
870 2415 945 2447 says

175 2444 229 2476 his
249 2455 346 2476 name
360 2456 427 2477 was
449 2446 581 2483 Lucius,
596 2448 705 2479 which
730 2458 766 2479 so
783 2449 835 2479 far
858 2459 895 2479 as
916 2449 945 2479 it

275 2488 304 2518 is
328 2488 460 2529 against
481 2499 543 2521 one
558 2490 596 2521 of
614 2490 672 2521 the
687 2490 831 2522 theories
853 2501 944 2522 men-

175 2530 291 2562 tioned
312 2530 348 2562 in
369 2531 428 2563 the
450 2532 690 2564 Introduction.
734 2533 840 2564 There
861 2544 946 2565 were

174 2575 243 2605 two
256 2583 342 2610 som,
368 2574 435 2605 aud
453 2575 535 2606 both
560 2575 711 2616 ‘juvenoe
719 2576 744 2613 ;'
759 2576 841 2607 both
854 2580 945 2608 must

175 2615 261 2648 have
274 2616 375 2648 taken
391 2617 450 2648 the
465 2620 562 2658 ‘toga
575 2618 700 2649 virilis?

221 2658 314 2701 [368.
334 2660 428 2691 Tolle
441 2661 581 2703 memor]
606 2661 714 2692 ‘Take
730 2662 796 2693 and
810 2672 945 2693 remem-

175 2701 256 2733 ber?
300 2702 361 2735 See
376 2703 459 2745 Epp.
474 2704 497 2734 i.
513 2705 566 2736 18.
582 2705 635 2742 12,
650 2705 716 2735 aud
732 2705 764 2736 S.
784 2705 806 2735 i.
822 2706 875 2735 10.
890 2706 946 2742 51,

174 2745 243 2776 and
257 2745 290 2776 S.
305 2746 330 2778 i.
343 2748 376 2777 4.
392 2748 433 2778 11
444 2747 496 2789 ιι.]

220 2789 296 2821 369.
330 2789 507 2821 Comltus
528 2791 625 2832 juris
650 2792 684 2821 et
708 2792 805 2821 actor
828 2800 945 2821 causa-

176 2830 277 2905 ετξ.
292 2831 353 2906 ἓῗ
367 2832 765 2908 SA1.}Ja{eelsliu?⁸wtii)shxli
783 2843 946 2918 juria-0⁸3

177 2916 294 2948 nultus.
340 2917 392 2950 He
415 2922 506 2950 must
530 2919 614 2951 have
638 2920 720 2951 been
743 2920 827 2951 alive
850 2920 945 2951 when

177 2958 247 2991 this
259 2969 352 3000 poem
365 2971 431 2992 was
447 2962 589 2999 written,
605 2963 666 2994 but
679 2973 755 3005 very
767 2962 833 2994 old.
877 2963 946 2994 The

375 2188 547 2220 Choerilus
560 2189 637 2232 ille]
670 2190 731 2221 See
753 2190 836 2231 Epp.
861 2191 896 2221 ii.
912 2192 943 2222 1.

996 2201 1109 2222 names
1123 2201 1180 2222 are
1194 2190 1355 2222 inverted.
1401 2191 1462 2222 See
1474 2191 1510 2223 C.
1527 2191 1561 2222 ii.
1578 2192 1609 2222 2.
1625 2193 1690 2222 3n.

1039 2234 1116 2267 373.
1147 2244 1214 2265 non
1238 2244 1428 2265 concessere
1457 2233 1645 2276 columnae]
1681 2234 1770 2264 Thac

996 2277 1034 2313 is,
1050 2278 1110 2308 the
1124 2277 1333 2309 booksellers³
1358 2277 1461 2308 stalls.
1507 2277 1566 2307 See
1585 2277 1619 2307 S.
1639 2277 1661 2307 i.
1678 2278 1710 2307 4.
1726 2276 1768 2309 71

996 2330 1041 2356 n.‚
1072 2321 1138 2351 and
1167 2320 1251 2361 Epp.
1282 2320 1304 2351 i.
1329 2321 1382 2352 19.
1406 2321 1437 2350 1.
1497 2319 1524 2360 [⁸
1540 2319 1735 2350 Concessere
1748 2319 1770 2349 :'

996 2373 1148 2403 compare
1163 2363 1249 2404 Epp.
1263 2363 1286 2394 i.
1301 2364 1332 2393 2.
1348 2364 1402 2399 48,
1418 2367 1427 2379 ‘
1437 2362 1615 2404 deduxit.’]

1040 2407 1116 2438 375.
1140 2406 1252 2437 Sardo
1267 2417 1340 2436 cum
1357 2405 1469 2447 melle]
1505 2405 1680 2436 Sardinian
1703 2405 1769 2436 and

995 2448 1149 2480 Corsican
1172 2449 1295 2490 honeys
1318 2459 1440 2489 appear
1462 2452 1499 2479 to
1523 2449 1606 2479 have
1628 2449 1711 2479 been
1734 2449 1774 2479 of

995 2491 1131 2523 inferior
1151 2492 1288 2534 quality.
1334 2492 1394 2522 See
1417 2491 1450 2522 S.
1475 2492 1508 2523 ii.
1534 2493 1565 2522 2.
1588 2492 1630 2522 15
1653 2501 1687 2522 n.
1732 2491 1770 2522 It

996 2544 1132 2574 appears
1164 2534 1378 2576 poppy-seeds
1406 2534 1536 2565 roasted
1565 2534 1630 2565 and
1658 2534 1769 2566 mixed

996 2577 1080 2607 with
1094 2577 1202 2618 honey
1217 2588 1301 2608 were
1323 2578 1437 2608 served
1459 2578 1495 2608 in
1509 2577 1599 2619 early
1614 2578 1711 2608 times
1732 2580 1769 2609 at

997 2620 1056 2650 the
1090 2620 1207 2651 second
1238 2630 1362 2651 course.
1412 2620 1525 2662 (Pliny
1549 2621 1615 2651 xix.
1640 2621 1673 2652 8.
1698 2620 1768 2662 53.)

999 2662 1028 2703 [‘
1039 2662 1124 2693 Duci
1137 2663 1157 2693 τ’
1183 2661 1402 2704 ‘prolonged.'
1448 2663 1533 2703 Epp.
1551 2663 1586 2694 ii.
1602 2665 1633 2694 2.
1649 2663 1745 2705 202]

1042 2707 1117 2736 380.
1134 2707 1232 2746 pilae
1243 2706 1366 2737 discive
1377 2705 1538 2747 trochive]
1560 2706 1622 2738 See
1637 2706 1671 2738 S.
1685 2707 1720 2737 ii.
1735 2708 1768 2738 2.

997 2749 1019 2780 9
1034 2758 1068 2778 n.
1113 2748 1280 2780 ‘Coronae
1290 2749 1305 2765 '⁷
1322 2759 1378 2780 are
1391 2749 1450 2780 the
1473 2749 1599 2780 crowds
1620 2749 1660 2781 of
1677 2759 1768 2791 spec-

997 2794 1104 2822 tators
1139 2791 1298 2832 standing
1341 2792 1449 2823 round
1483 2796 1520 2824 to
1556 2793 1667 2824 watch
1709 2793 1768 2825 the

1074 2844 1119 2865 es.

1043 2877 1138 2918 [382.

999 2919 1139 2962 Ritter]

1042 2964 1116 2995 383.
1139 2974 1253 2994 census
1267 2965 1445 3005 equestrem
1459 2965 1636 3007 summam]
1671 2965 1768 2998 'Cen-

1200 2877 1344 2919 Quiclm']
1390 2883 1399 2896 ‘
1416 2878 1541 2917 Quidni
1599 2879 1745 2912 audeat?
1757 2880 1768 2894 ⁹
