2002 3268
241 224 325 264 314

413 338 531 380 Haec
552 343 597 381 et
617 355 723 395 quae
742 344 947 395 poterunt
967 341 1126 383 reditus
1146 343 1386 386 abscindere
1406 344 1547 386 dulces

788 226 1045 269 HORATII
1079 228 1296 271 FLACCI

1627 355 1672 402 ²⁸2⁵

471 405 630 446 Eamus
650 405 789 446 omnis
809 410 1021 448 exsecrata
1041 407 1204 459 civitas,
1539 448 1544 454 .

412 470 503 510 Aut
522 485 618 524 pars
638 469 809 512 indocili
829 471 977 513 melior
995 486 1150 526 grege;
1182 473 1321 515 mollis
1342 478 1386 515 et
1405 489 1551 529 exspes

471 535 714 576 Inominata
732 536 965 591 perprimat
986 537 1156 580 cubilia.
1199 573 1201 575 .

412 600 500 641 Vos
521 599 672 655 quibus
693 604 758 642 est
778 601 915 642 virtus
935 601 1182 644 muliebrem
1201 602 1340 645 tollite
1359 603 1538 655 luctum,

469 666 649 707 Etrusca
668 669 831 720 praeter
851 670 895 708 et
915 667 1054 708 volate
1074 667 1212 709 litora.

1625 682 1671 712 40

413 731 503 770 Nos
524 734 667 772 manet
689 731 880 772 Oceanus
900 731 1219 786 circumvagus:
1251 747 1365 784 arva,
1385 733 1508 776 beata

470 796 669 836 Petamus
689 810 790 836 arva
807 795 962 837 divites
982 799 1025 837 et
1044 795 1216 847 insulas,

413 859 571 902 Reddit
590 859 665 901 ubi
686 860 879 902 Cererem
899 860 1026 902 tellus
1047 860 1212 902 inarata
1232 862 1460 916 quotannis

469 926 529 966 Et
547 924 761 979 imputata
779 924 901 967 floret
920 941 1050 981 usque
1070 926 1208 978 vinea,

416 990 640 1032 Germinat
659 994 703 1032 et
723 1005 942 1045 nunquam
962 991 1148 1033 fallentis
1169 996 1322 1034 termes
1343 992 1491 1045 olivae,

1626 1006 1672 1036 45

473 1056 685 1110 Suamque
705 1056 822 1110 pulla
840 1056 943 1098 ficus
966 1061 1089 1098 ornat
1109 1058 1314 1109 arborem,

413 1120 546 1162 Mella
565 1135 668 1162 cava
688 1125 865 1162 manant
885 1136 938 1163 ex
957 1121 1065 1174 ilice,
1085 1122 1303 1164 montibus
1324 1123 1423 1165 altis

470 1185 598 1227 Levis
618 1190 813 1240 crepante
833 1186 1010 1242 lympha
1028 1187 1170 1229 desilit
1189 1188 1305 1242 pede.

413 1251 508 1292 Illic
528 1250 710 1305 injussae
730 1251 910 1293 veniunt
929 1252 983 1293 ad
1003 1252 1184 1294 mulctra
1203 1253 1400 1308 capellae,

470 1316 697 1370 Refertque
717 1320 837 1358 tenta
856 1331 961 1371 grex
981 1317 1141 1359 amicus
1162 1318 1290 1359 ubera
1301 1336 1314 1369 ς

1623 1331 1669 1360 50

411 1381 503 1422 Nec
524 1381 786 1435 vespertinus
805 1381 1099 1436 circumgemit
1119 1398 1240 1424 ursus
1260 1383 1383 1435 ovile,

469 1447 619 1501 Neque
639 1446 886 1488 intumescit
905 1447 992 1488 alta
1011 1447 1166 1502 viperis
1185 1449 1352 1490 humus.

412 1511 622 1566 Pluraque
643 1511 782 1553 felices
803 1512 1064 1564 mirabimur,
1085 1517 1135 1554 ut
1154 1528 1288 1568 neque
1307 1513 1437 1569 larg-is

470 1577 666 1631 Aquosus
686 1577 828 1618 Eurus
848 1592 947 1628 arva
967 1577 1087 1619 radat
1107 1577 1327 1629 imbribus,

412 1642 597 1696 Pinguia
616 1657 692 1684 nec
713 1642 833 1685 siccis
853 1647 1033 1685 urantur
1052 1643 1215 1685 semina
1233 1644 1387 1699 glebis,

1625 1654 1671 1686 55

471 1708 715 1762 Utrumque
735 1722 832 1763 rege
853 1711 1115 1763 temperante
1135 1708 1348 1751 caelitum.

411 1773 514 1814 Non
534 1773 616 1814 huc
635 1773 779 1828 Argoo
800 1773 1018 1815 contendit
1038 1773 1198 1828 remige
1217 1774 1358 1829 pinus,

470 1839 620 1893 Neque
641 1838 854 1892 impudica
875 1839 1043 1880 Colchis
1063 1839 1213 1880 intulit
1232 1840 1381 1894 pedem
1394 1857 1406 1890 3

411 1904 512 1946 Non
532 1904 614 1945 huc
637 1903 801 1945 Sidonii
820 1907 1034 1946 torserunt
1053 1919 1208 1946 cornua
1227 1909 1393 1957 nautae,

470 1968 698 2010 Laboriosa
716 1984 792 2011 nec
813 1969 959 2011 cohors
981 1969 1139 2011 Ulixei.

413 2034 547 2075 Nulla
567 2037 720 2075 nocent
740 2034 878 2088 pecori
899 2034 1111 2089 contagia,
1132 2034 1290 2075 nullius
1310 2034 1413 2076 astri

470 2099 656 2152 Gregem
676 2102 868 2140 aestuosa
887 2102 1019 2140 torret
1039 2098 1304 2153 impotentia.

413 2165 440 2205 J
444 2163 612 2218 uppiter
631 2163 704 2204 illa
723 2163 817 2218 piae
837 2164 1015 2206 secrevit
1034 2163 1158 2205 litora
1178 2163 1314 2217 genti,

471 2229 536 2270 Ut
555 2228 797 2283 inquinavit
816 2244 908 2271 aere
927 2232 1095 2283 tempus
1115 2243 1287 2269 aureum
1300 2245 1313 2279 3

411 2294 534 2345 Aere,
556 2293 706 2334 dehinc
726 2293 834 2335 ferro
856 2293 1027 2334 duravit
1047 2293 1224 2344 saecula,
1246 2308 1422 2349 quorum

1600 2302 1667 2335 ,65

468 2358 556 2400 Piis
577 2358 758 2400 secunda
777 2362 873 2400 vate
893 2373 961 2400 me
981 2358 1107 2400 datur
1126 2358 1243 2413 fuga.

284 2451 355 2494 [42.
377 2451 515 2493 divites]
540 2450 699 2492 Compare
714 2451 752 2483 C.
767 2451 812 2482 iv.
827 2452 860 2483 8.
875 2450 947 2493 27.]

282 2496 335 2527 51.
357 2494 582 2536 vespertinus]
607 2494 667 2526 See
682 2494 738 2526 C.
729 2505 752 2525 1.
768 2495 799 2525 2.
814 2495 869 2526 45.
893 2494 1013 2535 Geol.

239 2538 285 2570 iii.
301 2539 387 2570 538·
411 2537 636 2569 “Nocturnus
658 2537 882 2570 obambulat?
927 2536 1018 2579 [Ho-

238 2591 322 2618 mee,
339 2581 373 2612 S.
388 2581 410 2612 i.
426 2582 458 2612 3.
474 2580 549 2619 117,
565 2581 679 2612 audii.
694 2580 815 2623 4‹.1'7.]

282 2625 335 2656 52.
357 2624 546 2655 intumescit
583 2624 675 2666 alta]
719 2624 866 2665 Doering
902 2622 1018 2655 thinks

237 2668 295 2699 the
309 2670 386 2699 true
399 2667 537 2709 reading
552 2667 580 2698 is
605 2667 730 2698 ‘alma’
754 2677 792 2699 or
819 2667 937 2704 ‘atra,'
956 2667 1018 2698 but

239 2711 346 2742 ‘'alta
373 2710 400 2741 is
424 2720 444 2741 a
473 2710 614 2742 suitable
637 2710 729 2742 word
754 2712 791 2742 to
816 2720 1018 2751 accompany

239 2753 475 2786 ‘intumescitf

285 2796 357 2838 [53.
379 2798 418 2828 ut
442 2796 564 2839 neque]
589 2796 650 2828 See
674 2796 711 2828 C.
735 2796 758 2828 i.
782 2797 814 2832 9,
843 2796 956 2827 ‘vides
977 2797 1017 2827 ut

239 2840 307 2871 alta
331 2863 339 2871 .
364 2863 372 2871 .
397 2862 406 2870 .

240 2884 347 2919 4.13¹
380 2882 522 2914 ‘mirum
556 2906 564 2914 .
589 2906 597 2914 .
623 2906 630 2914 .

240 2925 367 2956 mirem.
369 2925 398 2967 ’]

285 2967 355 3007 [59.
390 2968 532 3009 cornua]
574 2968 723 3000 ‘Cornua
754 2992 760 2999 .
786 2991 793 2998 .
819 2991 826 2999 .

428 2840 519 2871 stet?
563 2839 676 2871 Ritter
706 2849 872 2880 compares
902 2838 939 2871 C.
970 2838 1016 2871 iii.

662 2885 702 2914 ut
732 2885 807 2915 tuto
840 2906 848 2913 .
906 2882 1015 2913 .dor-

860 2970 1016 2999 antenna-

1019 2450 1155 2489 rum,'
1174 2451 1268 2492 Virg.
1289 2450 1371 2482 Aen.
1393 2449 1441 2481 iii.
1464 2450 1540 2482 549.
1585 2450 1763 2482 Buten—⁸
1775 2451 1839 2483 Ia.-

1058 2494 1213 2526 boriosaz’
1231 2493 1426 2534 ‘suffex-ingl
1443 2493 1626 2525 ‘laboribus
1635 2494 1838 2526 exercitata?

1063 2541 1117 2561 —‘
1126 2537 1175 2569 Ut
1189 2536 1375 2578 inquinavit
1385 2536 1406 2567 :’
1431 2540 1525 2568 ‘ever
1539 2536 1628 2569 since
1642 2537 1684 2569 he
1698 2537 1838 2569 debased

1061 2580 1121 2612 the
1104 2580 1255 2656 65g’olden
1269 2589 1330 2621 ege
1344 2579 1427 2610 with
1442 2579 1603 2622 bronze.’]

1104 2623 1177 2665 65.]
1201 2622 1381 2661 ‘Quorum’
1397 2622 1541 2663 depende
1550 2633 1594 2654 οιι
1609 2623 1730 2664 ‘fuga'
1774 2622 1838 2654 Vv.

1061 2666 1116 2704 63,
1139 2667 1193 2703 64,
1220 2665 1368 2706 Doering
1389 2667 1467 2696 tran
1597 2667 1709 2702 1053,
1725 2665 1839 2702 54,to

1061 2709 1220 2750 complete
1234 2708 1292 2740 the
1312 2708 1463 2748 picture,
1490 2709 1551 2740 but
1565 2709 1607 2740 he
1621 2708 1744 2740 admits
1757 2708 1838 2750 they

1061 2762 1116 2784 are
1130 2754 1189 2784 not
1203 2751 1319 2793 quite
1309 2761 1345 2782 m
1360 2751 1448 2783 their
1465 2751 1556 2792 place
1569 2751 1677 2788 there,
1698 2750 1763 2782 and
1785 2761 1839 2783 re-

1061 2794 1211 2826 dundant
1226 2804 1291 2836 any
1306 2794 1437 2832 where,
1462 2804 1497 2825 so
1512 2794 1554 2825 he
1575 2804 1636 2835 sup
1743 2793 1837 2825 them

1061 2840 1098 2870 to
1111 2838 1152 2869 be
1166 2837 1250 2869 from
1274 2837 1413 2868 another
1434 2837 1533 2874 hand,
1550 2837 1679 2878 though
1699 2839 1759 2868 not
1777 2846 1836 2868 un-

1061 2880 1190 2922 worthy
1205 2880 1243 2911 of
1264 2880 1402 2912 Horace.
1450 2880 1465 2911 1
1481 2880 1523 2911 do
1546 2882 1604 2912 not
1622 2847 1727 2912 doubt
1747 2879 1836 2912 their

1061 2923 1284 2965 genuineness.
