2002 3268
398 190 595 232 INDEX
627 190 987 235 SATIRARUM
1016 196 1091 239 ΕΤ
1118 197 1571 240 EPISTOLARUM.

360 302 438 335 Ulla
450 303 479 335 ai
486 303 574 345 juria
586 303 650 335 tibi
663 304 811 346 peierati.
826 303 863 336 C.
879 305 929 338 11.
943 307 1013 339 viii.

360 345 453 378 Uxor
465 346 615 388 pauperis
630 347 733 389 Ibyci,
749 346 787 379 C.
803 346 874 380 ΙΙΙ.
889 358 942 380 xv.

358 388 462 421 Velox
474 399 648 421 amoenum
662 400 757 431 saepe
773 390 982 429 Lucretilem,
998 393 1036 425 C.
1052 394 1082 425 Ι.
1096 396 1174 427 xvii.

356 431 468 468 Vides,
482 434 522 464 ut
535 432 605 464 alta
619 435 687 464 soet
700 433 777 465 nive
791 433 977 472 candidum,
990 435 1028 468 C.
1044 437 1073 468 Ι.
1087 438 1132 469 ix.

357 474 433 507 Vile
446 475 574 516 potabis
589 475 723 507 modicis
738 476 908 514 Sabinum,
920 478 958 510 C.
974 479 1004 510 Ι.
1018 490 1072 511 xx.

358 516 454 549 Vitas
466 517 622 550 hinnuleo
635 529 689 550 me
703 519 827 557 similis,
839 520 952 558 Chloe,
970 521 1009 554 C.
1025 522 1054 554 Ι.
1070 523 1159 555 xxiii.

355 560 433 592 Vixi
445 561 564 602 puellis
576 571 681 603 nuper
694 562 839 601 idoneus,
855 563 892 596 C.
909 564 980 597 111.
993 566 1082 598 xxvi.

745 703 808 745 11.
841 683 1217 749 S'ATIRARUM.

352 798 609 831 Ambubaiarum
625 800 770 842 collegia,
786 801 1064 844 pharmacopolae,
1080 804 1139 837 lib.
1155 805 1184 836 Ι.
1199 805 1234 837 ii.

352 841 529 883 Egressum
543 853 665 884 magna
679 854 732 875 me
746 845 873 885 excepit
887 846 998 877 Aricia
1014 846 1129 884 Roma,
1147 848 1205 880 lib.
1222 849 1250 880 1.
1267 860 1299 880 v.

353 884 489 926 Eupolis
502 888 602 927 atque
617 886 773 918 Cratinus
787 888 1086 931 Aristophanesque
1100 895 1225 931 poetae,
1242 892 1297 924 lib.
1316 893 1343 924 1.
1359 894 1404 925 iv.

352 927 427 960 Hoc
441 931 514 960 erat
528 930 563 960 in
576 930 678 961 votis:
701 930 816 962 modus
830 932 903 972 agri
917 942 982 963 non
998 933 1046 964 ita
1061 944 1210 975 magnus,
1226 935 1283 966 lib.
1300 936 1348 968 11.
1363 938 1407 968 vi.

352 970 427 1003 Hoc
440 982 578 1013 quoque,
593 972 727 1011 Tiresia,
741 976 871 1014 praeter
885 978 1020 1007 narrata
1034 978 1172 1017 petenti,
1188 978 1243 1010 lib.
1261 978 1309 1010 11.
1326 991 1358 1011 v.

351 1013 445 1046 Ibam
459 1015 547 1046 forte
561 1015 615 1047 via
629 1015 739 1053 Sacra,
754 1017 840 1049 sicut
855 1028 947 1050 meus
961 1022 1012 1050 est
1026 1030 1106 1056 mos,
1121 1021 1178 1052 lib.
1196 1021 1224 1052 1.
1240 1021 1285 1053 ix.

350 1057 553 1089 Jamdudum
567 1059 718 1091 ausculto
731 1063 767 1091 et
781 1060 915 1101 cupiens
928 1062 991 1093 tibi
1007 1062 1115 1094 dicere
1129 1074 1253 1102 servus,
1267 1065 1325 1097 lib.
1342 1066 1390 1097 11.
1406 1067 1463 1098 vii.

349 1099 477 1142 Nempe
492 1101 707 1143 incomposito
721 1102 789 1134 dixi
803 1104 885 1145 pede
898 1114 1029 1136 currere
1043 1116 1165 1144 versus,
1179 1107 1236 1139 lib.
1253 1108 1281 1140 Ι.
1297 1119 1328 1140 x.

349 1143 428 1175 Non
441 1144 529 1185 quia,
544 1144 726 1183 Maecenas,
742 1146 908 1187 Lydorum
923 1148 1082 1190 quidquid
1098 1149 1264 1187 Etruscos,
1278 1151 1336 1183 lib.
1352 1151 1382 1183 Ι.
1396 1153 1441 1184 vi.

347 1185 436 1218 Olim
450 1189 589 1219 truncus
602 1198 692 1219 eram
709 1189 857 1226 ficulnus,
873 1190 990 1223 inutile
1004 1191 1143 1233 lignum,
1159 1193 1217 1224 lib.
1233 1194 1261 1225 1.
1277 1195 1346 1226 viii.

347 1228 509 1261 Omnibus
522 1230 584 1262 hoc
599 1231 720 1262 vitium
735 1235 785 1263 est
798 1233 998 1271 cantoribus,
1014 1235 1103 1267 inter
1117 1236 1247 1273 amicos,
1262 1237 1319 1269 lib.
1335 1238 1365 1269 Ι.
1379 1239 1426 1270 ἰὶὶ.

347 1271 528 1314 Proscripti
543 1273 644 1315 Regis
660 1274 771 1316 Rupili
787 1286 848 1316 pus
863 1280 963 1318 atque
977 1288 1149 1316 venenum,
1164 1279 1221 1311 lib.
1237 1280 1266 1311 1.
1282 1281 1338 1312 vii.

347 1314 440 1354 Quae
454 1317 559 1348 virtus
572 1321 606 1348 et
620 1322 755 1358 quanta,
769 1318 858 1356 boui,
872 1319 918 1351 sit
932 1320 1041 1353 vivere
1055 1332 1164 1363 parvo,
1179 1323 1236 1354 lib.
1253 1324 1301 1356 11.
1316 1325 1351 1356 ii.

346 1358 413 1397 Qui
426 1359 477 1395 fit,
493 1359 674 1397 Maecenas,
690 1364 729 1392 ut
743 1371 851 1401 nemo,
864 1373 961 1404 quam
977 1364 1038 1395 sibi
1053 1367 1184 1402 sortem,
1198 1366 1256 1398 lib.
1272 1367 1302 1399 1.
1316 1368 1340 1400 i.

346 1401 400 1433 Sic
414 1412 489 1434 raro
502 1403 626 1440 scribis,
642 1407 681 1435 ut
696 1407 769 1436 toto
783 1415 848 1436 non
862 1410 980 1447 quater
993 1417 1090 1444 anno,
1105 1409 1162 1440 lib.
1179 1409 1228 1440 11.
1243 1410 1290 1441 iii.

346 1444 443 1481 Sunt„
459 1446 577 1487 quibus
591 1446 625 1477 iu
640 1447 743 1478 satira
755 1448 869 1480 videor
881 1450 979 1481 nimis
992 1461 1067 1482 acer
1079 1455 1115 1483 et
1130 1453 1229 1489 ultra,
1244 1453 1301 1484 lib.
1317 1453 1367 1485 11.
1382 1454 1404 1485 i.

346 1487 443 1519 Unde
457 1491 491 1520 et
505 1499 570 1530 quo
583 1489 699 1522 Catius
711 1490 727 1521 Ρ
771 1491 847 1522 Non
862 1495 913 1523 est
926 1493 1009 1525 mihi
1023 1497 1153 1536 tempus
1166 1497 1288 1534 aventi,
1303 1497 1361 1528 lib.
1378 1498 1426 1529 11.
1442 1498 1485 1529 iv.

346 1530 395 1563 Ut
409 1531 578 1564 Nasidieni
588 1533 679 1575 juvit
692 1535 728 1565 be
742 1544 842 1566 coena
855 1536 955 1573 beati,
969 1537 1027 1568 lib.
1043 1537 1092 1569 ΙΙ.
1106 1538 1176 1570 viii.

683 1669 773 1711 ΙΙΙ.
804 1670 1257 1717 EPISTOLARUM.

344 1765 430 1802 Albi,
445 1768 634 1798 nostrorum
648 1778 833 1800 sermonum
848 1771 985 1803 candide
994 1773 1109 1814 judex,
1123 1773 1180 1806 lib.
1197 1775 1225 1806 Ι.
1242 1776 1287 1807 iv.

345 1808 439 1840 Celso
452 1809 596 1850 gaudere
609 1813 644 1842 et
658 1811 741 1843 bene
754 1823 823 1844 rem
839 1824 952 1854 gerere
966 1816 1179 1854 Albinovano,
1194 1818 1250 1850 lib.
1267 1819 1296 1851 1.
1311 1820 1382 1852 viii.

344 1851 428 1883 Cum
443 1855 496 1884 tot
510 1853 671 1885 sustineas
685 1857 721 1886 et
735 1858 831 1887 tanta
844 1858 978 1898 negotia
992 1859 1088 1897 solus,
1103 1860 1161 1891 lib.
1178 1861 1226 1892 ΙΙ.
1241 1862 1264 1893 ἰ.

343 1893 448 1932 Flore,
463 1895 549 1927 bono
562 1896 712 1939 claroque
726 1898 831 1930 fidelis
844 1901 949 1932 amice
962 1901 1097 1939 Neroni,
1113 1903 1170 1934 lib.
1186 1904 1235 1936 ΙΙ.
1250 1905 1286 1937 ii.

342 1937 518 1969 Fructibus
532 1939 698 1981 Agrippae
713 1941 841 1978 Siculis,
857 1954 938 1984 quos
948 1945 1083 1986 colligis,
1101 1946 1178 1983 Icci,
1195 1947 1252 1979 lib.
1269 1949 1298 1981 1.
1312 1949 1370 1981 xii.

342 1980 499 2013 Humano
512 1982 611 2023 capiti
627 1984 785 2016 cervicem
799 1986 906 2026 pictor
920 1988 1084 2029 equinam,
1096 1990 1138 2020 A.
1154 1990 1193 2022 P.

342 2023 414 2055 Juli
429 2024 534 2061 Flore,
548 2026 666 2066 quibus
679 2030 843 2059 terrarum
858 2030 982 2062 militet
995 2032 1071 2069 oris,
1086 2032 1143 2064 lib.
1159 2033 1188 2064 Ι.
1202 2034 1249 2065 iii.

341 2066 395 2098 Ne
408 2069 618 2108 perconteris,
633 2069 754 2101 fundus
768 2082 869 2109 meus,
885 2074 1009 2114 optime
1022 2074 1150 2113 Quinti,
1166 2077 1223 2108 lib.
1240 2077 1270 2109 I.
1284 2078 1351 2110 xvi.

341 2109 400 2140 Nil
414 2110 569 2142 admirari
582 2122 684 2154 prope
702 2124 755 2145 res
769 2117 820 2146 est
834 2126 910 2152 una,
926 2117 1070 2155 Numici,
1086 2119 1142 2150 lib.
1158 2120 1187 2151 1.
1202 2121 1248 2152 vi.

342 2151 455 2184 Prima
468 2153 555 2185 dicte
569 2155 663 2193 mihi,
678 2167 805 2189 summa
819 2158 955 2191 dicende
970 2160 1122 2198 Camena,
1138 2163 1195 2194 lib.
1211 2164 1240 2195 Ι.
1254 2164 1277 2195 i.

341 2195 453 2227 Prisco
466 2197 495 2227 si
508 2198 622 2234 credis,
638 2198 811 2231 Maecenas
824 2201 930 2239 docte,
945 2203 1091 2241 Cratino,
1106 2206 1162 2237 lib.
1179 2206 1208 2238 Ι.
1223 2208 1289 2239 xix.

340 2238 431 2277 Quae
446 2240 491 2271 sit
505 2239 610 2272 hiems
625 2241 745 2279 Veliae,
761 2244 846 2284 quod
861 2246 997 2284 caelum,
1014 2247 1107 2284 vala,
1124 2249 1259 2286 Salerni,
1274 2251 1331 2282 lib.
1347 2252 1374 2282 Ι.
1391 2263 1444 2283 xv.

339 2281 507 2319 Quamvis,
524 2283 655 2321 Scaeva,
671 2286 751 2316 satis
772 2297 830 2327 per
844 2291 879 2319 te
893 2289 954 2319 tibi
969 2291 1121 2328 consulis,
1137 2295 1171 2323 et
1192 2294 1264 2330 scis,
1280 2295 1336 2325 lib.
1355 2295 1382 2326 1.
1398 2297 1478 2326 xvii.

341 2324 429 2362 Quid
442 2326 506 2356 tibi
519 2327 590 2358 visa
604 2326 712 2365 Chios,
730 2329 865 2367 Bulhti,
880 2335 1023 2373 notaque
1038 2333 1169 2372 Lesbos,
1187 2336 1243 2367 lib.
1261 2336 1290 2368 1.
1305 2338 1349 2368 xi.

340 2366 493 2409 Quinque
506 2368 576 2400 dies
590 2370 652 2401 tibi
666 2371 831 2411 pollicitus
843 2384 896 2405 me
914 2385 991 2406 rure
1004 2376 1166 2413 futurum,
1182 2378 1239 2409 lib.
1257 2379 1285 2411 Ι.
1300 2381 1358 2411 vii.

340 2409 526 2450 Septimius,
542 2411 669 2449 Claudi,
684 2414 840 2446 nimirum
855 2416 1013 2459 intelligit
1027 2430 1123 2456 unus,
1137 2420 1195 2451 lib.
1211 2421 1241 2452 I.
1256 2422 1299 2454 ix.

341 2452 376 2483 Si
390 2453 473 2484 bene
486 2456 522 2485 te
535 2455 624 2491 novi,
638 2459 773 2493 metues,
787 2458 952 2491 liberrime
968 2460 1062 2498 Lolli,
1077 2462 1135 2493 lib.
1151 2463 1181 2495 Ι.
1195 2465 1285 2496 xviii.

341 2494 377 2525 Si
390 2498 482 2535 potes
495 2497 663 2528 Archiacis
677 2500 814 2531 conviva
828 2503 1014 2535 recumbere
1028 2504 1132 2542 lectis,
1145 2506 1201 2537 lib.
1218 2507 1247 2538 1.
1262 2519 1295 2538 v.

340 2536 471 2579 Trojani
486 2539 563 2570 belli
576 2541 779 2581 scriptorem,
794 2544 934 2576 maxime
949 2545 1043 2583 Lolli,
1058 2547 1115 2578 lib.
1132 2548 1161 2579 Ι.
1176 2549 1210 2580 ἰί.

339 2579 439 2612 Urbis
453 2585 631 2613 amatorem
650 2583 790 2616 Fuscum
804 2587 927 2618 salvere
935 2588 1100 2628 jubemus,
1114 2591 1172 2622 lib.
1188 2592 1217 2624 Ι.
1232 2603 1264 2624 x.

339 2622 388 2654 Ut
406 2624 662 2664 proficiscentem
678 2627 774 2658 docui
792 2631 827 2660 te
840 2639 936 2671 saepe
950 2631 1080 2673 diuque,
1094 2633 1152 2664 lib.
1167 2635 1196 2665 I.
1211 2636 1280 2667 xiii.

340 2665 558 2699 Vertumnum
573 2668 770 2711 Janumque,
786 2671 876 2709 liber,
891 2677 1036 2714 spectare
1049 2676 1179 2714 videris,
1194 2678 1251 2709 lib.
1268 2679 1296 2709 Ι.
1312 2690 1366 2710 xx.

338 2708 455 2742 Villice
468 2711 623 2743 silvarum
635 2716 671 2744 et
686 2713 767 2745 mihi
780 2725 834 2746 me
847 2715 1014 2749 reddentis
1029 2719 1135 2759 agelli,
1151 2720 1208 2751 lib.
1225 2721 1253 2752 1.
1269 2723 1335 2753 xiv.

1703 200 1785 241 ⁷35
