2002 3268
274 223 358 264 734

781 223 978 265 INDEX
1011 224 1370 270 CARMINUM.

446 336 644 368 Miserarum
661 339 711 369 est
726 347 832 379 ueque
847 339 949 370 amori
965 339 1043 371 dare
1058 339 1170 371 ludum
1188 351 1292 382 neque
1307 342 1405 379 dulci,
1423 343 1461 374 C.
1474 343 1544 374 111.
1559 343 1616 374 xii.

443 380 554 411 Mollis
569 380 689 412 inertia
705 391 764 412 cur
779 385 908 413 tantam
925 382 1094 414 diffuderit
1111 384 1194 420 imis,
1212 384 1314 425 Epod.
1331 386 1396 417 xiv.

443 423 611 455 Montium
628 427 737 455 custos
753 435 997 466 nemorumque,
1015 426 1127 466 Virgo,
1145 426 1181 458 C.
1199 427 1266 459 III.
1283 429 1360 459 xxii.

444 467 575 498 Motum
591 477 630 498 ex
647 467 782 499 Metello
794 469 924 500 consule
940 469 1089 505 civicum,
1106 470 1143 501 C.
1161 470 1208 501 11.
1225 471 1246 502 i.

443 510 549 542 Musis
564 511 688 542 amicus
703 511 873 543 tristitiam
890 515 925 543 et
940 516 1058 549 metus,
1076 512 1111 544 C.
1131 513 1158 544 Ι.
1174 515 1262 545 xxvi.

441 553 495 585 Ne
509 554 595 585 forte
612 554 724 586 credas
739 555 917 586 interitura
932 566 1023 597 quae,
1045 556 1082 587 C.
1098 556 1159 588 IV.
1176 557 1219 588 ix.

442 597 541 628 Natis
557 597 591 628 in
607 608 702 629 usum
724 598 870 630 laetitiae
886 599 1028 640 scyphis,
1042 599 1078 630 C.
1095 600 1123 630 I.
1139 600 1240 631 xxvii.

440 641 492 672 Ne
508 641 552 672 sit
567 641 702 672 ancillae
717 642 779 672 tibi
794 653 886 673 amor
900 642 1027 683 pudori,
1044 642 1080 673 C.
1098 642 1145 673 11.
1162 643 1205 674 iv.

440 683 535 715 Nolis
550 684 647 726 longa
660 685 748 716 ferae
763 685 848 716 bella
858 685 1072 722 Numantiae,
1090 686 1126 717 C.
1147 685 1193 717 [Ι.
1210 687 1265 718 xii.

439 727 597 759 Nondum
613 728 749 759 subacta
763 729 848 759 ferre
858 729 978 770 jugum
994 729 1092 763 valet,
1109 728 1146 760 C.
1163 729 1212 760 11.
1229 741 1260 761 v.

438 771 516 802 Nou
531 771 612 802 ebur
627 781 732 812 neque
748 782 893 807 aureum,
911 771 948 802 C.
965 772 1013 802 II.
1030 771 1119 802 xviii.

438 814 473 845 N
474 825 517 845 on
532 825 659 855 semper
673 815 794 845 imbres
810 815 950 845 nubibus
965 815 1118 855 hispidos,
1135 814 1173 846 C.
1189 815 1237 847 11.
1253 816 1298 848 ix.

437 857 515 888 Nou
530 858 656 889 usitata
670 868 730 889 nee
745 858 838 889 tenui
853 858 951 895 ferar,
968 857 1004 889 C.
1022 858 1070 889 11.
1087 869 1139 889 xx.

432 900 509 931 Non
526 900 616 932 vides
631 903 755 942 quanto
770 911 900 932 moveas
915 901 1045 942 periclo,
1063 901 1100 932 C.
1121 901 1191 933 111.
1208 913 1260 934 xx.

438 944 515 975 Nox
530 946 601 975 erat
617 948 650 975 et
666 944 753 975 caelo
768 944 918 986 fulgebat
935 944 1031 976 Luna
1046 955 1169 982 sereno,
1188 945 1293 987 Epod.
1308 958 1362 978 xv.

436 986 583 1024 Nullam,
601 987 697 1023 Vare,
714 998 805 1019 saera
820 988 889 1019 vite
904 988 995 1029 prius
1010 988 1130 1019 severis
1145 989 1305 1026 arborem,
1322 989 1358 1022 C.
1376 989 1404 1021 1.
1421 991 1511 1022 xviii.

437 1030 559 1062 Nullus
574 1034 714 1072 argento
729 1031 817 1062 color
838 1035 888 1063 est
903 1032 1020 1067 avaris,
1039 1031 1075 1063 C.
1093 1031 1141 1063 11.
1157 1032 1191 1063 ii.

436 1074 536 1105 Nunc
552 1076 603 1105 est
620 1074 806 1111 bibendum,
823 1085 910 1106 nunc
926 1075 1008 1116 pede
1022 1075 1133 1112 libero,
1150 1075 1187 1106 C.
1205 1076 1233 1107 Ι.
1249 1077 1370 1108 xxxvii.

436 1116 466 1149 Ο
481 1118 622 1149 crudelis
637 1118 744 1149 adhue
760 1120 795 1150 et
810 1118 947 1150 Veneris
968 1119 1158 1149 muneribus
1174 1122 1299 1159 poten&
1316 1120 1354 1152 C.
1372 1120 1431 1151 lv.
1447 1131 1480 1152 x.

437 1160 466 1192 O
482 1161 568 1198 diva,
592 1164 725 1202 gratum
741 1172 823 1203 quae
839 1162 926 1202 reg-is
941 1162 1088 1197 Antium,
1102 1162 1139 1193 C.
1157 1162 1185 1193 Ι.
1202 1174 1299 1194 xxxv.

436 1203 465 1235 O
482 1204 555 1235 fons
571 1205 766 1241 Bandusiae,
783 1205 980 1246 splendidior
995 1205 1091 1241 vitro,
1108 1205 1145 1236 C.
1162 1206 1230 1238 111.
1247 1207 1315 1237 xiii.

435 1247 465 1279 O
481 1251 588 1279 matre
603 1248 741 1289 pulchra
756 1248 823 1279 filia
838 1248 1015 1289 pulchrior,
1032 1248 1068 1280 C.
1086 1247 1114 1279 I.
1130 1249 1195 1279 xvi.

434 1291 463 1322 O
480 1294 559 1323 nata
573 1302 701 1323 mecum
717 1292 848 1322 consule
863 1291 997 1327 Manlio,
1014 1292 1050 1323 C.
1068 1291 1136 1322 111.
1151 1292 1216 1323 xxi.

434 1334 463 1366 O
479 1335 581 1371 navis,
597 1335 741 1366 referent
755 1335 789 1365 iu
805 1345 895 1366 mare
910 1338 944 1366 te
959 1335 1046 1371 novi,
1062 1335 1098 1366 C.
1117 1334 1146 1365 Ι.
1162 1335 1228 1366 xiv.

435 1377 464 1409 Ο
481 1388 575 1419 saepe
592 1388 720 1409 mecum
737 1381 867 1419 tempus
882 1378 916 1408 in
933 1378 1098 1414 ultimum,
1115 1378 1152 1410 C.
1170 1378 1219 1409 II.
1236 1379 1292 1410 vii.

433 1422 462 1452 Ο
483 1421 600 1457 Venus,
618 1422 732 1462 regina
747 1421 844 1453 Cnidi
863 1421 1039 1463 Paphique,
1058 1421 1094 1452 C.
1111 1421 1140 1452 Ι.
1155 1432 1230 1453 xxx.

433 1465 496 1496 Odi
512 1462 686 1506 profanum
701 1465 820 1505 vulgus
835 1467 870 1496 et
884 1475 988 1501 arceo,
1005 1464 1042 1496 C.
1059 1464 1128 1495 111.
1145 1465 1167 1495 i.

431 1508 547 1540 Otium
562 1509 654 1539 divos
670 1511 765 1549 rogat
780 1508 814 1539 iu
827 1511 972 1549 patente,
988 1508 1025 1539 C.
1042 1508 1089 1539 ΙΙ.
1105 1508 1171 1539 xvi.

432 1552 566 1583 Parcius
577 1552 714 1593 junctas
729 1551 886 1592 quatiunt
900 1552 1070 1588 fenestras,
1087 1550 1124 1583 C.
1142 1551 1171 1582 Ι.
1187 1562 1264 1583 xxv.

433 1595 556 1626 Parcus
571 1595 705 1626 deorum
722 1595 830 1626 cultor
844 1597 879 1626 et
895 1595 1092 1636 infrequens,
1109 1594 1147 1626 C.
1165 1594 1192 1625 Ι.
1209 1595 1318 1627 xxxiv.

433 1638 585 1670 Parentis
600 1638 679 1669 olim
694 1638 722 1669 si
738 1638 811 1679 quis
826 1638 927 1678 impia
942 1648 1052 1674 manu,
1069 1637 1173 1678 Epod.
1189 1638 1237 1669 iii.

432 1682 550 1713 Pastor
565 1692 640 1713 cum
655 1682 804 1713 traheret
819 1691 877 1722 per
891 1681 977 1712 freta
991 1681 1140 1718 navibus,
1157 1680 1192 1712 C.
1211 1681 1239 1712 Ι.
1256 1692 1309 1713 xv.

433 1725 582 1757 Persicos
597 1725 661 1761 odi,
677 1735 768 1766 puer,
785 1728 974 1766 apparatus,
991 1725 1028 1759 C.
1047 1725 1074 1755 1.
1091 1725 1225 1756 xxxviii.

431 1769 533 1806 Petti,
549 1768 633 1800 nihil
649 1779 701 1799 me
716 1768 801 1800 sieut
817 1771 914 1799 antea
924 1768 1032 1809 juvat,
1051 1768 1152 1808 Epod.
1168 1768 1213 1799 xi.

431 1812 562 1848 Phoebe
577 1812 796 1853 silvarumque
811 1814 928 1852 potens
945 1811 1060 1850 Diana,
1081 1811 1190 1843 Carm.
1208 1811 1278 1843 See.

432 1856 583 1887 Phoebus
597 1855 760 1887 volentem
776 1855 898 1896 proelia
913 1865 966 1886 me
981 1855 1080 1896 loqui,
1097 1854 1134 1886 C.
1152 1854 1213 1885 IV.
1228 1866 1282 1886 xv.

432 1899 612 1930 Pindarum
627 1899 774 1940 quisquis
789 1899 902 1930 studet
916 1898 1084 1935 aemulari,
1100 1898 1137 1930 C.
1154 1898 1215 1928 IV.
1231 1898 1265 1929 ii.

432 1943 613 1974 Poseimur.
660 1942 694 1973 Si
706 1942 786 1983 quid
800 1942 896 1973 vacui
912 1942 971 1973 sub
986 1942 1114 1978 umbra,
1131 1941 1168 1972 C.
1185 1941 1214 1972 Ι.
1230 1941 1329 1972 xxxii.

431 1986 523 2024 Quae
538 1996 618 2018 eura
633 1989 767 2026 patrum
781 1995 905 2026 quaeve
919 1984 1112 2023 Quiritium,
1129 1984 1165 2016 C.
1183 1984 1245 2015 IV.
1261 1985 1327 2016 xiv.

431 2030 570 2068 Qualem
585 2029 775 2060 ministrum
789 2028 938 2060 fulminis
953 2028 1076 2064 alitem,
1094 2027 1131 2059 C.
1148 2028 1209 2059 IV.
1225 2028 1270 2059 iv.

432 2073 572 2111 Quando
587 2075 755 2112 repostum
768 2071 952 2103 Caecubum
969 2071 1010 2102 ad
1025 2071 1127 2102 festas
1141 2071 1250 2113 dapes,
1267 2071 1371 2112 Epod.
1388 2071 1431 2101 ix.

432 2116 601 2154 Quantum
618 2116 720 2146 distet
735 2115 777 2146 ab
794 2115 927 2150 Inacho,
944 2115 981 2146 C.
999 2114 1066 2145 ΙΙΙ.
1083 2114 1149 2145 xix.

433 2159 539 2197 Quem
555 2161 603 2195 tu,
621 2159 834 2199 Melpomene,
852 2158 962 2193 semel,
979 2157 1016 2189 C.
1033 2158 1093 2188 IV.
1109 2157 1155 2188 iii.

434 2202 542 2240 Quem
552 2202 660 2233 virum
675 2204 735 2232 aut
750 2201 849 2232 heroa
864 2201 935 2242 lyra
951 2201 1001 2232 vel
1017 2201 1094 2237 acri,
1111 2200 1148 2232 C.
1165 2200 1194 2231 I.
1211 2201 1273 2240 xii.

432 2245 521 2284 Quid
536 2245 706 2276 bellieosus
723 2244 887 2275 Cantaber
902 2247 935 2275 et
953 2244 1101 2286 Scythes,
1118 2243 1155 2274 C.
1173 2243 1222 2275 ΙΙ.
1237 2244 1282 2274 xi.

433 2289 521 2327 Quid
536 2288 723 2320 dedicatum
740 2288 845 2328 poscit
862 2288 1056 2328 Apollinem,
1074 2287 1110 2318 C.
1129 2287 1156 2318 Ι.
1173 2287 1260 2319 xxxi.

432 2332 521 2370 Quid
535 2332 602 2369 fles,
619 2331 758 2368 Asterie,
775 2342 871 2372 quem
887 2331 949 2362 tibi
965 2330 1106 2370 candidi,
1123 2330 1160 2361 C.
1178 2330 1247 2361 ΙΙΙ.
1262 2330 1320 2361 vii.

434 2376 523 2414 Quid
538 2375 747 2407 immerentffl
761 2375 906 2415 hospites
922 2384 1019 2405 vexas
1035 2374 1135 2410 cunin,
1153 2373 1257 2414 Epod.
1273 2374 1316 2404 vi.

432 2419 521 2457 Quid
536 2419 599 2450 tibi
614 2419 673 2455 vis,
690 2418 808 2449 mulier
823 2418 927 2458 nigris
942 2417 1133 2458 dignissima
1147 2417 1263 2453 bai-ris,
1281 2416 1385 2458 Epod.
1402 2416 1457 2447 xii.

433 2463 515 2501 Quis
531 2462 690 2493 desiderio
705 2462 748 2492 sit
763 2461 868 2502 pudor
883 2463 942 2492 aut
957 2461 1084 2498 modus,
1100 2460 1138 2492 C.
1155 2460 1183 2491 1.
1200 2460 1287 2491 xxiv.

432 2506 514 2544 Quis
529 2505 635 2536 multa
650 2505 783 2546 gracilis
797 2509 831 2536 te
847 2515 927 2545 puer
942 2504 976 2535 in
991 2515 1074 2540 rosa,
1092 2504 1130 2536 C.
1147 2503 1176 2534 I.
1191 2514 1225 2535 v.

433 2550 506 2588 Quo
521 2559 584 2586 me,
602 2549 741 2585 Bacche,
757 2548 845 2589 rapis
860 2548 921 2585 tui,
939 2547 976 2579 C.
993 2547 1061 2578 ΙΙΙ.
1077 2558 1154 2578 xxv.

432 2593 514 2631 Quo,
531 2602 596 2633 quo
611 2592 738 2624 scelesti
753 2591 850 2623 ruitis
863 2591 877 2623 P
902 2593 961 2622 aut
977 2601 1036 2622 cur
1051 2590 1205 2627 dexteris,
1223 2590 1327 2632 Epod.
1342 2589 1398 2621 vii.

433 2636 568 2668 Rectius
583 2635 683 2672 vives,
701 2635 818 2671 Licini,
835 2645 938 2676 neque
953 2634 1067 2670 altum,
1085 2633 1122 2665 C.
1139 2633 1188 2664 11.
1204 2645 1237 2665 x.

432 2680 561 2720 Rogare
577 2679 675 2720 longo
691 2678 841 2719 putidam
856 2681 891 2709 te
906 2678 1042 2714 saeculo,
1060 2677 1163 2718 Epod.
1178 2676 1247 2708 viii.

433 2722 591 2754 Scriberis
607 2722 707 2753 Vario
721 2722 816 2752 fortis
832 2725 866 2752 et
881 2721 1035 2757 hostium,
1052 2720 1089 2751 C.
1107 2720 1134 2752 I.
1150 2720 1195 2751 vi.

433 2765 583 2807 Septimi,
601 2765 708 2797 Gades
722 2765 852 2796 aditure
868 2775 996 2795 mecum
1011 2769 1056 2801 et,
1073 2763 1110 2795 C.
1127 2764 1176 2795 II.
1191 2763 1236 2794 vi.

432 2810 486 2841 Sic
501 2812 535 2840 te
550 2809 626 2840 diva
641 2812 756 2849 potens
772 2808 883 2849 Cypri,
900 2807 936 2838 C.
954 2807 982 2838 1.
998 2807 1044 2838 iii.

430 2853 578 2884 Solvitur
592 2852 675 2883 acris
690 2852 794 2883 hiems
809 2854 905 2892 grata
920 2851 991 2882 vice
1006 2850 1092 2881 veris
1107 2853 1141 2882 et
1157 2849 1291 2886 Favoni,
1308 2848 1344 2880 C.
1362 2848 1390 2880 1.
1406 2848 1450 2879 iv.

431 2896 476 2926 Te
491 2895 592 2926 maris
607 2898 640 2926 et
656 2898 762 2926 terrae
777 2904 975 2935 numeroque
991 2893 1132 2925 carentis
1147 2903 1272 2929 arenae,
1290 2892 1327 2923 C.
1344 2891 1372 2922 I.
1388 2890 1500 2922 xxviii.

429 2940 479 2970 Tu
494 2949 536 2970 ne
551 2938 735 2979 quaesieris,
753 2938 835 2968 scire
851 2937 951 2974 nefas,
968 2947 1065 2978 quem
1081 2936 1173 2972 mihi,
1190 2946 1287 2976 quem
1303 2934 1374 2970 tibi,
1391 2933 1428 2965 C.
1446 2932 1474 2964 I.
1489 2933 1533 2964 xi.

429 2982 598 3023 Tyrrhena
615 2992 731 3022 regum
746 2981 927 3022 progenies,
943 2980 1016 3016 tibi,
1033 2979 1069 3011 C.
1087 2979 1156 3011 ΙΙΙ.
1172 2979 1260 3010 xxix.
