2002 3268
237 242 321 281 268
440 210 702 283 HoRATII
723 243 953 295 ,FLACCI
986 243 1247 285 CARMEN
1279 244 1653 286 SAECULARE.
1676 254 1689 268 ·

473 357 590 398 Haec
612 357 639 397 J
643 372 761 398 ovem
784 358 939 399 sentire
958 358 1136 413 deosque
1157 366 1331 400 cunctos

473 422 602 476 Spem
621 423 775 464 bona-m
796 427 1035 478 certamque
1055 424 1226 465 domum
1249 428 1427 479 reporto,

471 488 636 529 Docbus
655 491 699 530 et
719 488 877 530 Phoebi
898 489 1046 530 chorus
1066 493 1109 530 et
1130 489 1292 531 Dianae
1569 502 1614 537 75

528 554 676 595 Dicere
695 554 850 605 laudes.

241 653 295 695 (C.
311 653 333 684 i.
349 654 402 684 21.
417 651 466 694 6).
510 652 608 683 From
623 652 692 684 izhis
702 654 816 684 stanza
826 652 853 683 it
867 652 928 683 has
939 653 1020 684 been
1064 653 1178 684 fisteen
1193 653 1299 685 either
1313 654 1355 696 by
1374 655 1465 687 Sulla
1485 666 1522 687 or
1537 656 1575 688 C.
1586 657 1699 688 Julius
1714 657 1845 690 Caesar.

239 697 391 728 assumed
407 697 451 737 by
466 706 555 727 some
570 696 648 727 that
669 695 727 727 the
742 696 855 727 sacred
871 696 1021 727 commis·
1067 700 1076 714 ‘
1090 697 1291 728 Puerorum’
1314 698 1462 731 includes
1486 700 1545 732 the
1568 701 1674 732 whole
1694 701 1788 733 choix·
1811 702 1850 734 of

238 740 363 771 sioners
380 740 451 782 (the
464 739 734 780 ‘quindecimviri
744 740 768 781 ')
792 739 871 770 took
895 741 971 779 part
987 740 1022 770 in
1066 739 1147 780 boys
1162 740 1228 770 and
1242 740 1336 781 girls.

240 784 299 815 the
325 783 469 824 singing,
486 783 593 814 which
619 782 647 813 is
670 785 731 814 not
754 792 833 824 very
856 782 1021 822 probable.
1110 782 1164 815 75.
1187 783 1335 825 Doctus]
1374 784 1413 816 C.
1446 785 1490 816 iv.
1525 787 1558 818 6.
1594 789 1658 819 432
1697 788 1845 820 “docilis

241 827 342 858 Their
365 827 516 862 number,
533 826 641 857 which
665 836 730 857 was
754 825 930 866 originally
945 828 1022 862 two,
1068 826 1239 857 modorum
1255 827 1348 858 Vatis
1365 827 1519 860 Horati.’'

202 901 206 909 ,
239 870 305 902 and
332 870 413 902 theu
438 869 607 901 increased
630 873 665 900 to
686 872 754 906 ten,
771 879 838 900 was
859 868 966 900 raised
988 871 1024 899 to

823 1006 1019 1038 ZOSIMUS
1036 1006 1106 1049 (lib.
1121 1007 1156 1038 ii.
1173 1017 1202 1038 c.
1218 1007 1276 1049 v.).

360 1077 457 1120 [This
471 1079 545 1109 text
559 1077 587 1108 is
601 1076 716 1118 nearly
731 1076 788 1107 the
804 1086 892 1107 same
913 1086 948 1107 as
972 1075 1050 1107 that
1064 1076 1100 1106 in
1116 1076 1342 1108 Reitemeier's
1357 1077 1482 1109 edition
1498 1077 1537 1109 of
1546 1077 1722 1120 Zosimus.]

545 1147 641 1178 Ἀλλ’
658 1144 781 1176 ὁπόταν
795 1144 955 1183 μήκιστος
969 1144 1024 1186 ἵκῃ
1040 1143 1159 1185 χρόνος
1175 1144 1370 1186 ἀνθρώποισι

546 1199 644 1236 Ζωῆς,
661 1196 706 1228 εἷς
722 1196 823 1227 ἐτέων
839 1196 957 1227 ἑκατὸν
973 1195 1051 1227 δέκα
1066 1194 1190 1227 κύκλον
1205 1195 1334 1235 ὁδεύων,

548 1251 748 1289 Μεμνῆσθαι,
764 1249 906 1287 Ῥωμαῖε,
923 1247 976 1279 καὶ
991 1247 1027 1278 οὐ
1042 1246 1132 1286 μάλα
1147 1249 1250 1286 λῆσαι
1267 1247 1396 1285 ἑαυτόν,

547 1303 737 1340 Μεμνῆσθαι
753 1300 832 1330 τάδε
847 1298 965 1330 πάντα.
1011 1300 1121 1330 Θεοΐσι
1136 1298 1197 1337 μὲν
1213 1299 1400 1332 ἀθανάτοισι

545 1352 663 1392 Ῥέζειν
679 1353 714 1383 ἐν
729 1350 827 1391 πεδίῳ
842 1350 926 1391 παρὰ
942 1349 1121 1391 Θύμβριδος
1137 1350 1283 1382 ἄπλετον
1299 1352 1391 1393 ὕδωρ,
1429 1386 1431 1388 ,
1569 1361 1583 1384 5

539 1404 655 1447 ’Ὀππῃ
672 1402 896 1440 στεινότατον,
912 1401 978 1442 Νὺξ
993 1401 1089 1440 ἡνίκα
1103 1404 1199 1442 ’γαῖαν
1215 1401 1347 1445 ἐπέλθῃ,

545 1456 678 1488 Ἠελίου
693 1454 873 1495 κρύψαντος
889 1454 944 1485 ἑὸν
959 1453 1051 1494 φάος·
1076 1453 1152 1486 ἔνθα
1167 1453 1206 1485 σὲ
1222 1454 1325 1496 ῥέζειν

545 1508 630 1550 Ἱερὰ
644 1507 855 1547 ποντογόνοις
871 1505 1004 1547 Μοίραις
1019 1505 1114 1546 ἄρνας
1128 1518 1167 1537 τε
1183 1507 1235 1537 καὶ
1251 1506 1357 1547 αἶγας.

549 1559 691 1591 Κυανέας
707 1559 734 1590 δ’
751 1558 802 1589 ἐπὶ
818 1558 926 1589 ταῖσδ’
942 1556 1122 1589 Εἰλειθυίας
1138 1557 1314 1599 ἀρέσασθαι

548 1610 765 1643 Παιδοτόκους
781 1609 942 1646 θυέεσσιν,
959 1609 1020 1651 ὅπῃ
1037 1608 1137 1648 θέμις.
1181 1608 1259 1640 Αὖθι
1276 1609 1310 1641 δὲ
1326 1609 1402 1652 Γαίῃ
1555 1618 1587 1642 10

548 1662 742 1703 Πληθομένῃ
759 1659 870 1702 χοῖρός
885 1673 924 1691 τε
939 1660 991 1692 καὶ
1009 1659 1044 1692 ῧς
1059 1661 1177 1701 ἱεροῖτο
1191 1661 1340 1699 μέλαινα.

547 1713 703 1746 Ζάλευκοι
717 1714 830 1754 ταῦροι
846 1711 881 1743 δὲ
897 1711 974 1743 Διὸς
989 1711 1074 1753 παρὰ
1088 1712 1200 1751 βωμὸν
1214 1712 1364 1753 ἆγέσθων

540 1767 674 1806 ”flaua-1,
689 1766 763 1805 μηδ’
780 1764 831 1796 ἐπὶ
848 1762 951 1795 νυκτί·
971 1764 1072 1795 θεοῖσι
1087 1763 1150 1804 γὰρ
1165 1763 1339 1805 οὐρανίοισι

547 1817 695 1859 Ἥμέριος
709 1817 848 1847 πέλεται
864 1815 964 1847 θυέων
978 1814 1109 1856 τρόπος·
1134 1816 1176 1847 ὣς
1191 1814 1227 1847 δὲ
1242 1816 1295 1847 καὶ
1312 1817 1421 1849 αὐτοῖς

548 1870 690 1911 Ἰρεύειν·
714 1867 862 1908 δαμάλης
878 1866 913 1898 δὲ
929 1867 1007 1903 βοὸς
1024 1866 1122 1907 δέμας
1136 1867 1262 1907 ἀγλαὸν
1270 1870 1375 1910 Ἤρης
1558 1877 1587 1901 15

548 1920 701 1962 Δεξάσθω
718 1920 793 1958 νηὸς
807 1919 892 1961 παρὰ
908 1920 979 1950 σεῦ.
1026 1919 1084 1950 Καὶ
1099 1921 1216 1955 Φοῖβος
1230 1919 1415 1958 Ἀπόλλων,

539 1973 649 2005 ’Ὀστε
665 1973 718 2004 καὶ
732 1970 863 2003 Ἠέλιος
879 1970 1107 2009 κικλήσκεται,
1123 1971 1181 2003 ἶσα
1196 1972 1340 2012 δεδέχθω

547 2025 682 2065 Θύματα
695 2023 865 2062 Λητοΐδης·
890 2023 943 2054 καὶ
959 2022 1139 2062 ἆειδόμενοί
1153 2036 1190 2055 τε
1204 2025 1335 2056 Λατῖνοι

547 2078 686 2108 Παιᾶνες
701 2075 825 2116 κούροις
841 2074 977 2117 κούρῃσί
992 2087 1029 2105 τε
1046 2074 1124 2112 νηὸν
1140 2074 1252 2115 ἔχοιεν

546 2126 740 2159 Ἀθανάτων·
765 2127 864 2168 χωρὶς
881 2125 914 2157 δὲ
930 2125 1020 2167 κόραι
1036 2125 1138 2167 χορὸν
1152 2126 1246 2157 αὐταὶ
1263 2125 1375 2166 ἔχοιεν
1555 2134 1588 2158 2ο

546 2180 606 2211 Καὶ
620 2179 720 2220 χωρὶς
735 2177 856 2209 παίδων
870 2177 975 2217 ἄρσην
991 2176 1133 2217 στάχυς,
1151 2177 1240 2208 ἀλλὰ
1255 2177 1384 2217 γονῆων

548 2231 683 2263 Πάντων
701 2229 856 2270 ζωόντων,
872 2228 920 2261 οῖς
936 2229 1120 2269 ἀμφιθαλὴς
1137 2228 1185 2260 ἔτι
1202 2228 1326 2269 φύτλη.

545 2285 586 2315 Αἱ
601 2282 636 2314 δὲ
650 2281 756 2322 ’γάμου
773 2280 939 2321 ζεύγλαισι
956 2279 1148 2319 δεδμημέναι
1164 2281 1264 2320 ἤματι
1279 2280 1373 2320 κείνῳ

546 2335 624 2374 Γνὺξ
640 2333 745 2375 Ἵίρης
760 2332 845 2374 παρὰ
860 2332 970 2371 βωμὸν
985 2331 1129 2371 ἀοίδιμον
1144 2331 1312 2373 ἑδριόωσαι

546 2386 690 2423 Δαίμονα
705 2384 948 2416 λισσέσθωσαν·
972 2383 1072 2415 ἅπασι
1089 2383 1124 2415 δὲ
1140 2384 1271 2423 λύματα
1285 2384 1392 2415 δοῦναι
1554 2391 1586 2415 25

543 2437 715 2480 Ἀνδράσιν
730 2435 788 2475 ἠδὲ
803 2434 938 2476 γυναιξί,
953 2435 1102 2475 μάλιστα
1117 2434 1152 2467 δὲ
1169 2435 1379 2478 θηλυτέρῃσι.

547 2489 673 2522 Πάντες
689 2490 715 2520 δ’
734 2490 767 2528 ἐξ
782 2489 882 2520 οἴκοιο
899 2487 1066 2528 φερέσθων
1081 2487 1168 2519 ὅσσα
1183 2486 1325 2527 κομίζειν

545 2542 640 2574 ’Em-2
656 2540 745 2581 θέμις
761 2541 929 2578 θνητοῖσιν
944 2539 1182 2581 ἆπαρχομένοις
1198 2539 1334 2576 βιότοιο,

544 2593 685 2633 Δαίμοσι
699 2591 916 2632 μειλιχίοισιν
931 2590 1100 2631 ἶλάσματα
1114 2591 1166 2623 καὶ
1180 2590 1384 2631 μακάρεσσιν

544 2645 746 2687 Οὐρανίδαις·
770 2644 813 2675 τὰ
829 2642 863 2675 δὲ
879 2643 986 2675 πάντα
999 2643 1280 2684 τεθησαυρισμένα
1295 2641 1424 2678 κείσθω,
1554 2647 1587 2671 30

536 2698 648 2738 Ὀφρα
663 2709 701 2727 τε
719 2694 918 2737 θηλυτέρῃσι
935 2695 987 2727 καὶ
1004 2694 1158 2736 ἀνδράσιν
1174 2693 1341 2735 ἑδριόωσιν
1355 2716 1358 2718 -
1417 2686 1424 2692 ’

535 2749 652 2781 Ἔνθεν
666 2747 829 2790 πορσύνῃς
842 2746 1055 2787 μεμνημένος.
1094 2745 1219 2785 Ἠμασι
1235 2746 1262 2776 δ’
1279 2744 1367 2776 ἔστω

542 2806 571 2832 Ν
575 2800 622 2841 υξί
637 2801 667 2831 τ’
685 2797 929 2841 ἐπασσυτέρῃσι
945 2797 1161 2840 θεοπρέῐτους
1176 2796 1261 2829 κατὰ
1275 2796 1394 2827 θώκους

543 2851 747 2891 Παμπληθὴς
762 2851 885 2892 ἄγυρις·
911 2850 1036 2888 σπουδὴ
1051 2848 1086 2881 δὲ
1101 2848 1228 2890 γέλωτι
1242 2847 1403 2888 μεμίχθω.

585 2902 695 2935 Ταῦτά
710 2916 761 2934 τοι
778 2904 814 2934 ἐν
828 2902 926 2944 φρεσὶ
941 2904 1041 2944 σῇσιν
1055 2900 1105 2932 ἀεὶ
1119 2898 1321 2939 μεμνημένος
1338 2897 1430 2934 εἶναι,
1555 2903 1586 2927 35

544 2955 604 2987 Καί
620 2967 672 2987 σοι
687 2956 779 2986 πᾶσα
793 2955 884 2995 χθὼν
896 2953 1011 2991 Ἰταλὴ
1029 2952 1082 2984 καὶ
1097 2952 1187 2983 πὶἱσα
1200 2950 1324 2987 Λατίνη

541 3006 618 3039 Αἷὲν
633 3007 694 3038 ὑπὸ
710 3005 927 3047 σκήπτροισιν
943 3002 1139 3045 ὑπαυχένιον
1153 3001 1251 3043 ζυγὸν
1266 3001 1340 3042 ἕξει.
