2002 3268
682 183 930 231 EPODON
966 187 1168 239 LIBER,
1202 190 1270 230 12.
1366 190 1369 191 ⁷
1692 190 1776 230 303

407 302 533 345 Unde
551 301 744 357 expedire
762 316 848 343 non
867 300 1101 342 amicorum
1120 305 1279 355 queant
1559 313 1604 343 25

462 367 616 409 Libera
634 366 807 408 consilia
826 380 903 408 nec
922 366 1203 407 contumeliae
1222 380 1389 420 graves,

406 432 491 474 Sed
507 431 616 473 alius
634 431 757 473 ardor
774 434 849 472 aut
867 430 1031 486 puellae
1050 430 1251 472 candidae

461 497 553 538 Aut
570 496 716 538 teretis
734 495 853 551 pueri
871 495 1045 551 longam
1066 494 1308 537 renodantis
1328 509 1505 537 comam.

177 618 492 652 &monui
493 620 556 651 ..1
579 618 953 661 28[‘nound-limbed’
996 618 1296 661 Dianam(
1295 629 1377 650 mv
1388 618 1481 660 381)
1516 619 1777 651 Asthewordis

175 662 206 694 ‘u
231 662 373 705 boetem-,J
416 662 463 694 Aa
479 630 522 694 ¹to
547 662 699 704 ‘longam
721 662 870 699 comam?
901 671 954 693 see
996 664 1057 694 not
1075 661 1180 693 found
1213 672 1279 703 any
1305 661 1413 694 where
1441 661 1517 699 else,
1542 662 1684 703 perhaps
1706 663 1776 694 this

177 704 216 738 0.
244 705 291 737 iv.
323 707 378 738 10.
409 706 431 737 8
452 715 486 737 ιι.
545 705 795 743 ‘Renodantis‚’
844 704 953 736 which
995 705 1110 736 writer
1123 704 1204 737 took
1219 705 1248 736 it
1262 704 1347 736 from
1370 705 1511 742 Horace,
1535 705 1719 747 mistaking
1738 716 1777 737 or

176 757 267 781 nome
299 748 419 781 render
465 749 641 790 ‘untying,
685 748 752 779 and
798 748 954 789 allowing
995 748 1140 789 altering
1154 748 1213 780 the
1228 748 1393 790 meaning.
1438 748 1455 779 1
1471 748 1566 780 find‘
1575 759 1647 780 rem
1635 748 1777 780 identis'

322 792 477 834 uponhis
497 791 689 828 shouldersss
704 801 817 823 means
837 791 954 823 rather
996 791 1100 823 inthe
1109 791 1273 823 Venetian
1283 791 1365 823 editi
1354 801 1409 823 ιοιι
1419 791 1458 823 of
1463 793 1560 829 1483
1576 792 1643 824 and
1652 792 1778 824 Gesner

288 835 385 877 apin
397 845 419 867 a
438 835 523 867 knot
544 835 612 867 like
636 845 657 866 a
679 835 755 876 girl.
799 834 952 866 Valerius
995 834 1161 866 mentions
1175 835 1252 867 that
1275 835 1415 876 reading
1433 834 1519 866 from
1542 835 1602 867 the
1617 835 1775 874 Bodleian

175 791 335 910 Ξξὶἓῑι
328 888 436 911 useax
425 879 455 910 it
477 878 513 909 in
537 878 596 909 the
618 878 715 909 other
697 887 831 915 rsense,
848 877 956 909 which
1000 877 1084 915 MS„
1099 877 1162 910 but
1177 878 1295 910 there'
1285 888 1368 910 ιειιο
1383 878 1551 920 wcightto
1565 879 1607 911 be
1621 878 1777 911 attached

178 920 316 953 roeoen.
338 921 416 953 does
429 923 490 953 not
502 921 574 953 noti
562 931 631 953 1.oe
656 921 798 962 “Teque
819 920 956 995 renoida·
999 923 1036 952 ω
1050 921 1091 952 i.t

177 965 250 996 tum
277 963 441 1006 pharetris
478 974 517 996 ac
556 974 635 1006 paee
660 963 864 1000 fluentem?

755 1161 1042 1211 GARMEN
1074 1162 1197 1209 XII.

407 1287 527 1330 QUID
546 1285 627 1327 tibi
646 1285 725 1337 vis,
745 1285 896 1327 mulier
915 1284 1051 1340 nigris
1070 1285 1323 1340 dignissima
1343 1286 1476 1328 barris
1488 1288 1508 1327 ?

463 1352 646 1393 Munera
664 1350 770 1406 quid
788 1350 896 1392 mihi
916 1350 1072 1406 quidve
1091 1350 1267 1392 tabellas

407 1416 552 1458 Mittis
572 1431 648 1458 nec
667 1416 787 1458 firmo
800 1415 951 1471 juveni
970 1430 1105 1470 neque
1125 1415 1239 1457 naris
1259 1416 1406 1458 obesae
1418 1417 1438 1457 ¹?

462 1482 660 1537 Namque
680 1481 873 1536 sagacius
893 1496 1003 1522 unus
1023 1481 1186 1531 odoror,

407 1547 592 1602 Polypus
611 1561 667 1588 an
685 1546 829 1601 gravis
848 1546 1024 1587 hirsutis
1044 1546 1169 1587 cubet
1189 1546 1329 1588 hircus
1349 1546 1395 1587 in
1415 1547 1505 1599 alis,
1586 1561 1606 1590 5

468 1612 608 1653 Quam
627 1611 742 1652 canis
761 1626 855 1653 acer
873 1610 948 1651 ubi
966 1610 1099 1658 lateat
1119 1626 1203 1652 sus.

410 1675 497 1718 Qui
517 1675 640 1716 sudor
658 1674 783 1716 vietis
801 1678 845 1716 et
864 1689 992 1729 quam
1011 1674 1147 1715 malus
1167 1674 1351 1730 undique
1371 1676 1573 1717 membris

467 1739 629 1781 Crescit
647 1739 761 1790 odor,
781 1753 878 1780 cum
896 1753 1004 1793 pene
1024 1738 1161 1780 soluto

409 1804 669 1845 Indomitam
687 1807 882 1858 properat
900 1803 1059 1845 rabiem
1078 1804 1222 1845 sedare
1232 1821 1246 1855 3
1275 1819 1411 1859 neque
1430 1805 1493 1846 illi

468 1870 496 1909 J
497 1884 566 1909 am
586 1874 729 1910 manet
748 1868 922 1909 humida
941 1872 1055 1910 creta
1073 1869 1266 1923 colorque
1563 1883 1607 1912 lo

413 1934 602 1975 Stercore
620 1934 787 1975 fucatus
806 1933 1014 1985 crocodili,
1027 1933 1201 1988 jamque
1221 1934 1411 1976 subando

467 1999 601 2040 Teuta
619 1998 772 2039 cubilia
792 2002 985 2053 tectaque
1004 1998 1192 2053 rumpit!

409 2063 491 2105 Vel
510 2078 604 2105 mea
622 2078 719 2104 cum
739 2063 872 2105 saevis
892 2063 1031 2118 agitat
1050 2063 1223 2106 fastidia
1241 2064 1405 2106 verbis:

465 2127 642 2170 Inachia
658 2128 836 2183 langues
855 2127 997 2170 minus
1015 2143 1064 2170 ac
1083 2144 1176 2179 me;

410 2193 629 2235 Inachiam
647 2197 714 2235 ter
730 2197 852 2235 nocte
871 2197 1005 2248 potes,
1019 2194 1127 2234 mihi
1147 2209 1309 2249 semper
1328 2195 1382 2236 ad
1397 2210 1531 2237 unum
1564 2208 1607 2238 15

467 2258 616 2300 Mollis
634 2274 751 2314 opus.
810 2259 959 2300 Pereat
978 2259 1089 2300 male
1108 2274 1214 2314 quae
1233 2263 1278 2301 te

411 2323 563 2365 Lesbia
581 2323 798 2378 quaerenti
816 2327 987 2365 taurum
1005 2324 1260 2366 monstravit
1279 2324 1472 2376 inertem,

468 2388 578 2429 Cum
597 2388 703 2430 mihi
724 2389 836 2430 Cous
855 2389 1018 2430 adesset
1037 2390 1266 2444 Amyntas,

412 2453 545 2508 Cujus
562 2453 609 2494 in
626 2453 835 2495 indomito
854 2453 1115 2495 constantior
1133 2454 1310 2508 inguine
1328 2469 1483 2495 nervus

469 2517 611 2559 Quam
629 2533 739 2559 nova
757 2518 932 2567 collibus
953 2518 1075 2559 arbor
1093 2518 1296 2559 inhaeret.
1562 2530 1609 2559 20

413 2581 652 2623 Murieibus
670 2582 809 2637 Tyriis
828 2582 1004 2623 iteratae
1023 2581 1178 2623 vellera
1196 2581 1316 2622 lanae

469 2646 551 2688 Cui
569 2647 900 2701 properabantur
911 2647 932 2687 ¹?
961 2646 1057 2687 Tibi
1077 2660 1241 2700 nempe,

412 2711 482 2752 Ne
500 2711 609 2753 foret
628 2712 819 2767 aequales
838 2712 951 2753 inter
971 2710 1150 2752 conviva
1169 2709 1308 2764 magis
1327 2724 1454 2764 quem

470 2777 681 2832 Diligeret
698 2777 849 2819 mulier
868 2791 943 2817 sua
962 2790 1091 2830 quam
1110 2779 1168 2816 te.

397 2841 452 2883 -Ο
473 2856 552 2896 ego
570 2857 658 2887 non
676 2842 792 2893 felix,
813 2856 941 2896 quam
961 2845 1011 2881 tu
1030 2839 1146 2893 fugis
1165 2843 1215 2880 ut
1234 2843 1361 2894 pavet
1380 2854 1493 2882 acres
1564 2853 1608 2883 25

468 2907 600 2961 'Agna
617 2907 738 2961 lupos
756 2920 1007 2961 capreaeque
1025 2904 1189 2946 leones!
